%YAML 1.1
%TAG !u! tag:unity3d.com,2011:
--- !u!64 &3575830545675529208
MeshCollider:
  m_ObjectHideFlags: 0
  m_CorrespondingSourceObject: {fileID: 0}
  m_PrefabInstance: {fileID: 0}
  m_PrefabAsset: {fileID: 0}
  m_GameObject: {fileID: 40362067472526728}
  m_Material: {fileID: 0}
  m_IsTrigger: 0
  m_Enabled: 1
  serializedVersion: 4
  m_Convex: 0
  m_CookingOptions: 30
  m_Mesh: {fileID: 4118172251044840284, guid: 58e8940d378aac24f8318b285f9934b5, type: 3}
--- !u!1 &620962301431253682
GameObject:
  m_ObjectHideFlags: 0
  m_CorrespondingSourceObject: {fileID: 0}
  m_PrefabInstance: {fileID: 0}
  m_PrefabAsset: {fileID: 0}
  serializedVersion: 6
  m_Component:
  - component: {fileID: 9221943414500106564}
  - component: {fileID: 621804408289583596}
  - component: {fileID: 3704318132167079071}
  m_Layer: 0
  m_Name: Sidewalk (1)
  m_TagString: Untagged
  m_Icon: {fileID: 0}
  m_NavMeshLayer: 0
  m_StaticEditorFlags: 0
  m_IsActive: 1
--- !u!4 &9221943414500106564
Transform:
  m_ObjectHideFlags: 0
  m_CorrespondingSourceObject: {fileID: 0}
  m_PrefabInstance: {fileID: 0}
  m_PrefabAsset: {fileID: 0}
  m_GameObject: {fileID: 620962301431253682}
  m_LocalRotation: {x: -0, y: 0.7071068, z: -0, w: 0.7071068}
  m_LocalPosition: {x: -36, y: 5.831425, z: 25.1}
  m_LocalScale: {x: 2, y: 2, z: 2}
  m_Children: []
  m_Father: {fileID: 3128289150755256191}
  m_RootOrder: 11
  m_LocalEulerAnglesHint: {x: 0, y: 0, z: 0}
--- !u!33 &621804408289583596
MeshFilter:
  m_ObjectHideFlags: 0
  m_CorrespondingSourceObject: {fileID: 0}
  m_PrefabInstance: {fileID: 0}
  m_PrefabAsset: {fileID: 0}
  m_GameObject: {fileID: 620962301431253682}
  m_Mesh: {fileID: 4535594853785956779, guid: dbb4d4d71e09c714e9c33aa14cd4cbb5, type: 3}
--- !u!23 &3704318132167079071
MeshRenderer:
  m_ObjectHideFlags: 0
  m_CorrespondingSourceObject: {fileID: 0}
  m_PrefabInstance: {fileID: 0}
  m_PrefabAsset: {fileID: 0}
  m_GameObject: {fileID: 620962301431253682}
  m_Enabled: 1
  m_CastShadows: 1
  m_ReceiveShadows: 1
  m_DynamicOccludee: 1
  m_MotionVectors: 1
  m_LightProbeUsage: 1
  m_ReflectionProbeUsage: 1
  m_RayTracingMode: 2
  m_RenderingLayerMask: 1
  m_RendererPriority: 0
  m_Materials:
  - {fileID: 2100000, guid: 4798affff9774b749a4e1226499b0f3c, type: 2}
  - {fileID: 2100000, guid: e9c2d96f80791ef4f92be07100ae1f2b, type: 2}
  m_StaticBatchInfo:
    firstSubMesh: 0
    subMeshCount: 0
  m_StaticBatchRoot: {fileID: 0}
  m_ProbeAnchor: {fileID: 0}
  m_LightProbeVolumeOverride: {fileID: 0}
  m_ScaleInLightmap: 1
  m_ReceiveGI: 1
  m_PreserveUVs: 0
  m_IgnoreNormalsForChartDetection: 0
  m_ImportantGI: 0
  m_StitchLightmapSeams: 1
  m_SelectedEditorRenderState: 3
  m_MinimumChartSize: 4
  m_AutoUVMaxDistance: 0.5
  m_AutoUVMaxAngle: 89
  m_LightmapParameters: {fileID: 0}
  m_SortingLayerID: 0
  m_SortingLayer: 0
  m_SortingOrder: 0
--- !u!64 &1861421615796217364
MeshCollider:
  m_ObjectHideFlags: 0
  m_CorrespondingSourceObject: {fileID: 0}
  m_PrefabInstance: {fileID: 0}
  m_PrefabAsset: {fileID: 0}
  m_GameObject: {fileID: 1297472777158027598}
  m_Material: {fileID: 0}
  m_IsTrigger: 0
  m_Enabled: 1
  serializedVersion: 4
  m_Convex: 0
  m_CookingOptions: 30
  m_Mesh: {fileID: 2606347287173655772, guid: e6881896c1a3a204d97b67af213e971d, type: 3}
--- !u!1 &1631533770134664400
GameObject:
  m_ObjectHideFlags: 0
  m_CorrespondingSourceObject: {fileID: 0}
  m_PrefabInstance: {fileID: 0}
  m_PrefabAsset: {fileID: 0}
  serializedVersion: 6
  m_Component:
  - component: {fileID: 4433996531359563743}
  - component: {fileID: 8288848212752558356}
  - component: {fileID: 7124696055413885068}
  - component: {fileID: 4289823093768341076}
  m_Layer: 0
  m_Name: Plane (1)
  m_TagString: Untagged
  m_Icon: {fileID: 0}
  m_NavMeshLayer: 0
  m_StaticEditorFlags: 0
  m_IsActive: 1
--- !u!4 &4433996531359563743
Transform:
  m_ObjectHideFlags: 0
  m_CorrespondingSourceObject: {fileID: 0}
  m_PrefabInstance: {fileID: 0}
  m_PrefabAsset: {fileID: 0}
  m_GameObject: {fileID: 1631533770134664400}
  m_LocalRotation: {x: 0, y: 0, z: 0, w: 1}
  m_LocalPosition: {x: -30.14, y: 0.29, z: 2.3}
  m_LocalScale: {x: 4, y: 1, z: 21.7}
  m_Children: []
  m_Father: {fileID: 3128289150755256191}
  m_RootOrder: 2
  m_LocalEulerAnglesHint: {x: 0, y: 0, z: 0}
--- !u!33 &8288848212752558356
MeshFilter:
  m_ObjectHideFlags: 0
  m_CorrespondingSourceObject: {fileID: 0}
  m_PrefabInstance: {fileID: 0}
  m_PrefabAsset: {fileID: 0}
  m_GameObject: {fileID: 1631533770134664400}
  m_Mesh: {fileID: 10209, guid: 0000000000000000e000000000000000, type: 0}
--- !u!23 &7124696055413885068
MeshRenderer:
  m_ObjectHideFlags: 0
  m_CorrespondingSourceObject: {fileID: 0}
  m_PrefabInstance: {fileID: 0}
  m_PrefabAsset: {fileID: 0}
  m_GameObject: {fileID: 1631533770134664400}
  m_Enabled: 1
  m_CastShadows: 1
  m_ReceiveShadows: 1
  m_DynamicOccludee: 1
  m_MotionVectors: 1
  m_LightProbeUsage: 1
  m_ReflectionProbeUsage: 1
  m_RayTracingMode: 2
  m_RenderingLayerMask: 1
  m_RendererPriority: 0
  m_Materials:
  - {fileID: 2100000, guid: 59df1ef05b12c95498e7fa2c4469e386, type: 2}
  m_StaticBatchInfo:
    firstSubMesh: 0
    subMeshCount: 0
  m_StaticBatchRoot: {fileID: 0}
  m_ProbeAnchor: {fileID: 0}
  m_LightProbeVolumeOverride: {fileID: 0}
  m_ScaleInLightmap: 1
  m_ReceiveGI: 1
  m_PreserveUVs: 0
  m_IgnoreNormalsForChartDetection: 0
  m_ImportantGI: 0
  m_StitchLightmapSeams: 1
  m_SelectedEditorRenderState: 3
  m_MinimumChartSize: 4
  m_AutoUVMaxDistance: 0.5
  m_AutoUVMaxAngle: 89
  m_LightmapParameters: {fileID: 0}
  m_SortingLayerID: 0
  m_SortingLayer: 0
  m_SortingOrder: 0
--- !u!64 &4289823093768341076
MeshCollider:
  m_ObjectHideFlags: 0
  m_CorrespondingSourceObject: {fileID: 0}
  m_PrefabInstance: {fileID: 0}
  m_PrefabAsset: {fileID: 0}
  m_GameObject: {fileID: 1631533770134664400}
  m_Material: {fileID: 0}
  m_IsTrigger: 0
  m_Enabled: 1
  serializedVersion: 4
  m_Convex: 0
  m_CookingOptions: 30
  m_Mesh: {fileID: 10209, guid: 0000000000000000e000000000000000, type: 0}
--- !u!64 &6348582043857261211
MeshCollider:
  m_ObjectHideFlags: 0
  m_CorrespondingSourceObject: {fileID: 0}
  m_PrefabInstance: {fileID: 0}
  m_PrefabAsset: {fileID: 0}
  m_GameObject: {fileID: 3299462982803114399}
  m_Material: {fileID: 0}
  m_IsTrigger: 0
  m_Enabled: 1
  serializedVersion: 4
  m_Convex: 0
  m_CookingOptions: 30
  m_Mesh: {fileID: 2606347287173655772, guid: e6881896c1a3a204d97b67af213e971d, type: 3}
--- !u!1 &5049554482683887385
GameObject:
  m_ObjectHideFlags: 0
  m_CorrespondingSourceObject: {fileID: 0}
  m_PrefabInstance: {fileID: 0}
  m_PrefabAsset: {fileID: 0}
  serializedVersion: 6
  m_Component:
  - component: {fileID: 6012449128359446090}
  - component: {fileID: 9153160697877613430}
  - component: {fileID: 5688721823582367113}
  - component: {fileID: 6041674919900871922}
  m_Layer: 0
  m_Name: Plane
  m_TagString: Untagged
  m_Icon: {fileID: 0}
  m_NavMeshLayer: 0
  m_StaticEditorFlags: 0
  m_IsActive: 1
--- !u!4 &6012449128359446090
Transform:
  m_ObjectHideFlags: 0
  m_CorrespondingSourceObject: {fileID: 0}
  m_PrefabInstance: {fileID: 0}
  m_PrefabAsset: {fileID: 0}
  m_GameObject: {fileID: 5049554482683887385}
  m_LocalRotation: {x: 0, y: 0, z: 0, w: 1}
  m_LocalPosition: {x: 29.42, y: 0.3, z: 2.3}
  m_LocalScale: {x: 4, y: 1, z: 21.7}
  m_Children: []
  m_Father: {fileID: 3128289150755256191}
  m_RootOrder: 1
  m_LocalEulerAnglesHint: {x: 0, y: 0, z: 0}
--- !u!33 &9153160697877613430
MeshFilter:
  m_ObjectHideFlags: 0
  m_CorrespondingSourceObject: {fileID: 0}
  m_PrefabInstance: {fileID: 0}
  m_PrefabAsset: {fileID: 0}
  m_GameObject: {fileID: 5049554482683887385}
  m_Mesh: {fileID: 10209, guid: 0000000000000000e000000000000000, type: 0}
--- !u!23 &5688721823582367113
MeshRenderer:
  m_ObjectHideFlags: 0
  m_CorrespondingSourceObject: {fileID: 0}
  m_PrefabInstance: {fileID: 0}
  m_PrefabAsset: {fileID: 0}
  m_GameObject: {fileID: 5049554482683887385}
  m_Enabled: 1
  m_CastShadows: 1
  m_ReceiveShadows: 1
  m_DynamicOccludee: 1
  m_MotionVectors: 1
  m_LightProbeUsage: 1
  m_ReflectionProbeUsage: 1
  m_RayTracingMode: 2
  m_RenderingLayerMask: 1
  m_RendererPriority: 0
  m_Materials:
  - {fileID: 2100000, guid: 59df1ef05b12c95498e7fa2c4469e386, type: 2}
  m_StaticBatchInfo:
    firstSubMesh: 0
    subMeshCount: 0
  m_StaticBatchRoot: {fileID: 0}
  m_ProbeAnchor: {fileID: 0}
  m_LightProbeVolumeOverride: {fileID: 0}
  m_ScaleInLightmap: 1
  m_ReceiveGI: 1
  m_PreserveUVs: 0
  m_IgnoreNormalsForChartDetection: 0
  m_ImportantGI: 0
  m_StitchLightmapSeams: 1
  m_SelectedEditorRenderState: 3
  m_MinimumChartSize: 4
  m_AutoUVMaxDistance: 0.5
  m_AutoUVMaxAngle: 89
  m_LightmapParameters: {fileID: 0}
  m_SortingLayerID: 0
  m_SortingLayer: 0
  m_SortingOrder: 0
--- !u!64 &6041674919900871922
MeshCollider:
  m_ObjectHideFlags: 0
  m_CorrespondingSourceObject: {fileID: 0}
  m_PrefabInstance: {fileID: 0}
  m_PrefabAsset: {fileID: 0}
  m_GameObject: {fileID: 5049554482683887385}
  m_Material: {fileID: 0}
  m_IsTrigger: 0
  m_Enabled: 1
  serializedVersion: 4
  m_Convex: 0
  m_CookingOptions: 30
  m_Mesh: {fileID: 10209, guid: 0000000000000000e000000000000000, type: 0}
--- !u!1 &5745761031160290934
GameObject:
  m_ObjectHideFlags: 0
  m_CorrespondingSourceObject: {fileID: 0}
  m_PrefabInstance: {fileID: 0}
  m_PrefabAsset: {fileID: 0}
  serializedVersion: 6
  m_Component:
  - component: {fileID: 7479623518934742106}
  - component: {fileID: 1441263646628179390}
  - component: {fileID: 294945725800537775}
  m_Layer: 0
  m_Name: Sidewalk (3)
  m_TagString: Untagged
  m_Icon: {fileID: 0}
  m_NavMeshLayer: 0
  m_StaticEditorFlags: 0
  m_IsActive: 1
--- !u!4 &7479623518934742106
Transform:
  m_ObjectHideFlags: 0
  m_CorrespondingSourceObject: {fileID: 0}
  m_PrefabInstance: {fileID: 0}
  m_PrefabAsset: {fileID: 0}
  m_GameObject: {fileID: 5745761031160290934}
  m_LocalRotation: {x: -0, y: 0.7071068, z: -0, w: 0.7071068}
  m_LocalPosition: {x: -36, y: 5.831425, z: -28.6}
  m_LocalScale: {x: 2, y: 2, z: 2}
  m_Children: []
  m_Father: {fileID: 3128289150755256191}
  m_RootOrder: 12
  m_LocalEulerAnglesHint: {x: 0, y: 0, z: 0}
--- !u!33 &1441263646628179390
MeshFilter:
  m_ObjectHideFlags: 0
  m_CorrespondingSourceObject: {fileID: 0}
  m_PrefabInstance: {fileID: 0}
  m_PrefabAsset: {fileID: 0}
  m_GameObject: {fileID: 5745761031160290934}
  m_Mesh: {fileID: 4535594853785956779, guid: dbb4d4d71e09c714e9c33aa14cd4cbb5, type: 3}
--- !u!23 &294945725800537775
MeshRenderer:
  m_ObjectHideFlags: 0
  m_CorrespondingSourceObject: {fileID: 0}
  m_PrefabInstance: {fileID: 0}
  m_PrefabAsset: {fileID: 0}
  m_GameObject: {fileID: 5745761031160290934}
  m_Enabled: 1
  m_CastShadows: 1
  m_ReceiveShadows: 1
  m_DynamicOccludee: 1
  m_MotionVectors: 1
  m_LightProbeUsage: 1
  m_ReflectionProbeUsage: 1
  m_RayTracingMode: 2
  m_RenderingLayerMask: 1
  m_RendererPriority: 0
  m_Materials:
  - {fileID: 2100000, guid: 4798affff9774b749a4e1226499b0f3c, type: 2}
  - {fileID: 2100000, guid: e9c2d96f80791ef4f92be07100ae1f2b, type: 2}
  m_StaticBatchInfo:
    firstSubMesh: 0
    subMeshCount: 0
  m_StaticBatchRoot: {fileID: 0}
  m_ProbeAnchor: {fileID: 0}
  m_LightProbeVolumeOverride: {fileID: 0}
  m_ScaleInLightmap: 1
  m_ReceiveGI: 1
  m_PreserveUVs: 0
  m_IgnoreNormalsForChartDetection: 0
  m_ImportantGI: 0
  m_StitchLightmapSeams: 1
  m_SelectedEditorRenderState: 3
  m_MinimumChartSize: 4
  m_AutoUVMaxDistance: 0.5
  m_AutoUVMaxAngle: 89
  m_LightmapParameters: {fileID: 0}
  m_SortingLayerID: 0
  m_SortingLayer: 0
  m_SortingOrder: 0
--- !u!1 &7428600587069575290
GameObject:
  m_ObjectHideFlags: 0
  m_CorrespondingSourceObject: {fileID: 0}
  m_PrefabInstance: {fileID: 0}
  m_PrefabAsset: {fileID: 0}
  serializedVersion: 6
  m_Component:
  - component: {fileID: 2169493430839121636}
  m_Layer: 0
  m_Name: Target (1)
  m_TagString: WayPoint
  m_Icon: {fileID: 5132851093641282708, guid: 0000000000000000d000000000000000, type: 0}
  m_NavMeshLayer: 0
  m_StaticEditorFlags: 0
  m_IsActive: 1
--- !u!4 &2169493430839121636
Transform:
  m_ObjectHideFlags: 0
  m_CorrespondingSourceObject: {fileID: 0}
  m_PrefabInstance: {fileID: 0}
  m_PrefabAsset: {fileID: 0}
  m_GameObject: {fileID: 7428600587069575290}
  m_LocalRotation: {x: 0, y: 0, z: 0, w: 1}
  m_LocalPosition: {x: -2.4, y: 0.5, z: 0}
  m_LocalScale: {x: 1, y: 1, z: 1}
  m_Children: []
  m_Father: {fileID: 3128289150755256191}
  m_RootOrder: 0
  m_LocalEulerAnglesHint: {x: 0, y: 0, z: 0}
--- !u!1 &8487449957017655175
GameObject:
  m_ObjectHideFlags: 0
  m_CorrespondingSourceObject: {fileID: 0}
  m_PrefabInstance: {fileID: 0}
  m_PrefabAsset: {fileID: 0}
  serializedVersion: 6
  m_Component:
  - component: {fileID: 3128289150755256191}
  - component: {fileID: 7784540024059566179}
  m_Layer: 0
  m_Name: StraightSnowyRoad 5
  m_TagString: Untagged
  m_Icon: {fileID: 0}
  m_NavMeshLayer: 0
  m_StaticEditorFlags: 0
  m_IsActive: 1
--- !u!4 &3128289150755256191
Transform:
  m_ObjectHideFlags: 0
  m_CorrespondingSourceObject: {fileID: 0}
  m_PrefabInstance: {fileID: 0}
  m_PrefabAsset: {fileID: 0}
  m_GameObject: {fileID: 8487449957017655175}
  m_LocalRotation: {x: 0, y: 0, z: 0, w: 1}
  m_LocalPosition: {x: 0, y: 0, z: 102.8}
  m_LocalScale: {x: 1, y: 1, z: 1}
  m_Children:
  - {fileID: 2169493430839121636}
  - {fileID: 6012449128359446090}
  - {fileID: 4433996531359563743}
  - {fileID: 848002443486295858}
  - {fileID: 2774741517082268453}
  - {fileID: 1822370366065882100}
  - {fileID: 5806348879621301314}
  - {fileID: 6277573948370065799}
  - {fileID: 4987285267402678764}
  - {fileID: 4787329456484594091}
  - {fileID: 6809865189047675660}
  - {fileID: 9221943414500106564}
  - {fileID: 7479623518934742106}
  - {fileID: 1740349221025167872}
  m_Father: {fileID: 0}
  m_RootOrder: 0
  m_LocalEulerAnglesHint: {x: 0, y: 0, z: 0}
--- !u!114 &7784540024059566179
MonoBehaviour:
  m_ObjectHideFlags: 0
  m_CorrespondingSourceObject: {fileID: 0}
  m_PrefabInstance: {fileID: 0}
  m_PrefabAsset: {fileID: 0}
  m_GameObject: {fileID: 8487449957017655175}
  m_Enabled: 1
  m_EditorHideFlags: 0
  m_Script: {fileID: 11500000, guid: e957708dd46f4f44499125c61085cd80, type: 3}
  m_Name: 
  m_EditorClassIdentifier: 
  wayPointArray:
  - {fileID: 7428600587069575290}
--- !u!1 &8831930083101261728
GameObject:
  m_ObjectHideFlags: 0
  m_CorrespondingSourceObject: {fileID: 0}
  m_PrefabInstance: {fileID: 0}
  m_PrefabAsset: {fileID: 0}
  serializedVersion: 6
  m_Component:
  - component: {fileID: 1740349221025167872}
  - component: {fileID: 2357797334065484966}
  - component: {fileID: 5398764507433592272}
  m_Layer: 0
  m_Name: Sidewalk (4)
  m_TagString: Untagged
  m_Icon: {fileID: 0}
  m_NavMeshLayer: 0
  m_StaticEditorFlags: 0
  m_IsActive: 1
--- !u!4 &1740349221025167872
Transform:
  m_ObjectHideFlags: 0
  m_CorrespondingSourceObject: {fileID: 0}
  m_PrefabInstance: {fileID: 0}
  m_PrefabAsset: {fileID: 0}
  m_GameObject: {fileID: 8831930083101261728}
  m_LocalRotation: {x: 0, y: -0.7071068, z: 0, w: 0.7071068}
  m_LocalPosition: {x: 35, y: 5.8, z: 81.7}
  m_LocalScale: {x: 2, y: 2, z: 2}
  m_Children: []
  m_Father: {fileID: 3128289150755256191}
  m_RootOrder: 13
  m_LocalEulerAnglesHint: {x: 0, y: -90.00001, z: 0}
--- !u!33 &2357797334065484966
MeshFilter:
  m_ObjectHideFlags: 0
  m_CorrespondingSourceObject: {fileID: 0}
  m_PrefabInstance: {fileID: 0}
  m_PrefabAsset: {fileID: 0}
  m_GameObject: {fileID: 8831930083101261728}
  m_Mesh: {fileID: 4535594853785956779, guid: dbb4d4d71e09c714e9c33aa14cd4cbb5, type: 3}
--- !u!23 &5398764507433592272
MeshRenderer:
  m_ObjectHideFlags: 0
  m_CorrespondingSourceObject: {fileID: 0}
  m_PrefabInstance: {fileID: 0}
  m_PrefabAsset: {fileID: 0}
  m_GameObject: {fileID: 8831930083101261728}
  m_Enabled: 1
  m_CastShadows: 1
  m_ReceiveShadows: 1
  m_DynamicOccludee: 1
  m_MotionVectors: 1
  m_LightProbeUsage: 1
  m_ReflectionProbeUsage: 1
  m_RayTracingMode: 2
  m_RenderingLayerMask: 1
  m_RendererPriority: 0
  m_Materials:
  - {fileID: 2100000, guid: 4798affff9774b749a4e1226499b0f3c, type: 2}
  - {fileID: 2100000, guid: e9c2d96f80791ef4f92be07100ae1f2b, type: 2}
  m_StaticBatchInfo:
    firstSubMesh: 0
    subMeshCount: 0
  m_StaticBatchRoot: {fileID: 0}
  m_ProbeAnchor: {fileID: 0}
  m_LightProbeVolumeOverride: {fileID: 0}
  m_ScaleInLightmap: 1
  m_ReceiveGI: 1
  m_PreserveUVs: 0
  m_IgnoreNormalsForChartDetection: 0
  m_ImportantGI: 0
  m_StitchLightmapSeams: 1
  m_SelectedEditorRenderState: 3
  m_MinimumChartSize: 4
  m_AutoUVMaxDistance: 0.5
  m_AutoUVMaxAngle: 89
  m_LightmapParameters: {fileID: 0}
  m_SortingLayerID: 0
  m_SortingLayer: 0
  m_SortingOrder: 0
--- !u!1001 &582085055782662981
PrefabInstance:
  m_ObjectHideFlags: 0
  serializedVersion: 2
  m_Modification:
    m_TransformParent: {fileID: 3128289150755256191}
    m_Modifications:
    - target: {fileID: 276776748733219959, guid: 01a74eff443785c48a77685d28bc5d3f,
        type: 3}
      propertyPath: m_RootOrder
      value: 3
      objectReference: {fileID: 0}
    - target: {fileID: 276776748733219959, guid: 01a74eff443785c48a77685d28bc5d3f,
        type: 3}
      propertyPath: m_LocalScale.x
      value: 320
      objectReference: {fileID: 0}
    - target: {fileID: 276776748733219959, guid: 01a74eff443785c48a77685d28bc5d3f,
        type: 3}
      propertyPath: m_LocalScale.z
      value: 300
      objectReference: {fileID: 0}
    - target: {fileID: 276776748733219959, guid: 01a74eff443785c48a77685d28bc5d3f,
        type: 3}
      propertyPath: m_LocalPosition.x
      value: -36.3
      objectReference: {fileID: 0}
    - target: {fileID: 276776748733219959, guid: 01a74eff443785c48a77685d28bc5d3f,
        type: 3}
      propertyPath: m_LocalPosition.y
      value: 14.4
      objectReference: {fileID: 0}
    - target: {fileID: 276776748733219959, guid: 01a74eff443785c48a77685d28bc5d3f,
        type: 3}
      propertyPath: m_LocalPosition.z
      value: -27.7
      objectReference: {fileID: 0}
    - target: {fileID: 276776748733219959, guid: 01a74eff443785c48a77685d28bc5d3f,
        type: 3}
      propertyPath: m_LocalRotation.w
      value: 0.50008726
      objectReference: {fileID: 0}
    - target: {fileID: 276776748733219959, guid: 01a74eff443785c48a77685d28bc5d3f,
        type: 3}
      propertyPath: m_LocalRotation.x
      value: -0.49991274
      objectReference: {fileID: 0}
    - target: {fileID: 276776748733219959, guid: 01a74eff443785c48a77685d28bc5d3f,
        type: 3}
      propertyPath: m_LocalRotation.y
      value: -0.50008726
      objectReference: {fileID: 0}
    - target: {fileID: 276776748733219959, guid: 01a74eff443785c48a77685d28bc5d3f,
        type: 3}
      propertyPath: m_LocalRotation.z
      value: -0.49991274
      objectReference: {fileID: 0}
    - target: {fileID: 276776748733219959, guid: 01a74eff443785c48a77685d28bc5d3f,
        type: 3}
      propertyPath: m_LocalEulerAnglesHint.x
      value: -89.98
      objectReference: {fileID: 0}
    - target: {fileID: 276776748733219959, guid: 01a74eff443785c48a77685d28bc5d3f,
        type: 3}
      propertyPath: m_LocalEulerAnglesHint.y
      value: -90
      objectReference: {fileID: 0}
    - target: {fileID: 276776748733219959, guid: 01a74eff443785c48a77685d28bc5d3f,
        type: 3}
      propertyPath: m_LocalEulerAnglesHint.z
      value: 0
      objectReference: {fileID: 0}
    - target: {fileID: 620544915455385293, guid: 01a74eff443785c48a77685d28bc5d3f,
        type: 3}
      propertyPath: m_Name
      value: Buildings_2
      objectReference: {fileID: 0}
    - target: {fileID: 620544915455385293, guid: 01a74eff443785c48a77685d28bc5d3f,
        type: 3}
      propertyPath: m_IsActive
      value: 1
      objectReference: {fileID: 0}
    m_RemovedComponents: []
  m_SourcePrefab: {fileID: 100100000, guid: 01a74eff443785c48a77685d28bc5d3f, type: 3}
--- !u!1 &40362067472526728 stripped
GameObject:
  m_CorrespondingSourceObject: {fileID: 620544915455385293, guid: 01a74eff443785c48a77685d28bc5d3f,
    type: 3}
  m_PrefabInstance: {fileID: 582085055782662981}
  m_PrefabAsset: {fileID: 0}
--- !u!4 &848002443486295858 stripped
Transform:
  m_CorrespondingSourceObject: {fileID: 276776748733219959, guid: 01a74eff443785c48a77685d28bc5d3f,
    type: 3}
  m_PrefabInstance: {fileID: 582085055782662981}
  m_PrefabAsset: {fileID: 0}
--- !u!1001 &796482873230974628
PrefabInstance:
  m_ObjectHideFlags: 0
  serializedVersion: 2
  m_Modification:
    m_TransformParent: {fileID: 3128289150755256191}
    m_Modifications:
    - target: {fileID: 2794379037720090427, guid: 8875025bcfc7dbe479cf0e1ba6d9ec37,
        type: 3}
      propertyPath: m_Name
      value: Buildings_1 (1)
      objectReference: {fileID: 0}
    - target: {fileID: 2794379037720090427, guid: 8875025bcfc7dbe479cf0e1ba6d9ec37,
        type: 3}
      propertyPath: m_IsActive
      value: 1
      objectReference: {fileID: 0}
    - target: {fileID: 3282121654761344385, guid: 8875025bcfc7dbe479cf0e1ba6d9ec37,
        type: 3}
      propertyPath: m_RootOrder
      value: 4
      objectReference: {fileID: 0}
    - target: {fileID: 3282121654761344385, guid: 8875025bcfc7dbe479cf0e1ba6d9ec37,
        type: 3}
      propertyPath: m_LocalPosition.x
      value: -28.3
      objectReference: {fileID: 0}
    - target: {fileID: 3282121654761344385, guid: 8875025bcfc7dbe479cf0e1ba6d9ec37,
        type: 3}
      propertyPath: m_LocalPosition.y
      value: 19.2
      objectReference: {fileID: 0}
    - target: {fileID: 3282121654761344385, guid: 8875025bcfc7dbe479cf0e1ba6d9ec37,
        type: 3}
      propertyPath: m_LocalPosition.z
      value: 26.600002
      objectReference: {fileID: 0}
    - target: {fileID: 3282121654761344385, guid: 8875025bcfc7dbe479cf0e1ba6d9ec37,
        type: 3}
      propertyPath: m_LocalRotation.w
      value: 0
      objectReference: {fileID: 0}
    - target: {fileID: 3282121654761344385, guid: 8875025bcfc7dbe479cf0e1ba6d9ec37,
        type: 3}
      propertyPath: m_LocalRotation.x
      value: 0
      objectReference: {fileID: 0}
    - target: {fileID: 3282121654761344385, guid: 8875025bcfc7dbe479cf0e1ba6d9ec37,
        type: 3}
      propertyPath: m_LocalRotation.y
      value: 0.7072302
      objectReference: {fileID: 0}
    - target: {fileID: 3282121654761344385, guid: 8875025bcfc7dbe479cf0e1ba6d9ec37,
        type: 3}
      propertyPath: m_LocalRotation.z
      value: 0.7069834
      objectReference: {fileID: 0}
    - target: {fileID: 3282121654761344385, guid: 8875025bcfc7dbe479cf0e1ba6d9ec37,
        type: 3}
      propertyPath: m_LocalEulerAnglesHint.x
      value: -89.98
      objectReference: {fileID: 0}
    - target: {fileID: 3282121654761344385, guid: 8875025bcfc7dbe479cf0e1ba6d9ec37,
        type: 3}
      propertyPath: m_LocalEulerAnglesHint.y
      value: 180
      objectReference: {fileID: 0}
    - target: {fileID: 3282121654761344385, guid: 8875025bcfc7dbe479cf0e1ba6d9ec37,
        type: 3}
      propertyPath: m_LocalEulerAnglesHint.z
      value: 0
      objectReference: {fileID: 0}
    - target: {fileID: 4451628589308524270, guid: 8875025bcfc7dbe479cf0e1ba6d9ec37,
        type: 3}
      propertyPath: m_Materials.Array.data[0]
      value: 
      objectReference: {fileID: 2100000, guid: bae3d507f1b784145a989346be447233, type: 2}
    m_RemovedComponents: []
  m_SourcePrefab: {fileID: 100100000, guid: 8875025bcfc7dbe479cf0e1ba6d9ec37, type: 3}
--- !u!4 &2774741517082268453 stripped
Transform:
  m_CorrespondingSourceObject: {fileID: 3282121654761344385, guid: 8875025bcfc7dbe479cf0e1ba6d9ec37,
    type: 3}
  m_PrefabInstance: {fileID: 796482873230974628}
  m_PrefabAsset: {fileID: 0}
--- !u!1 &3299462982803114399 stripped
GameObject:
  m_CorrespondingSourceObject: {fileID: 2794379037720090427, guid: 8875025bcfc7dbe479cf0e1ba6d9ec37,
    type: 3}
  m_PrefabInstance: {fileID: 796482873230974628}
  m_PrefabAsset: {fileID: 0}
--- !u!1001 &2392266014938890350
PrefabInstance:
  m_ObjectHideFlags: 0
  serializedVersion: 2
  m_Modification:
    m_TransformParent: {fileID: 3128289150755256191}
    m_Modifications:
    - target: {fileID: 7152573289123754437, guid: 74881c413de89ab479ec60ae97a45d73,
        type: 3}
      propertyPath: m_RootOrder
      value: 9
      objectReference: {fileID: 0}
    - target: {fileID: 7152573289123754437, guid: 74881c413de89ab479ec60ae97a45d73,
        type: 3}
      propertyPath: m_LocalPosition.x
      value: 37.7
      objectReference: {fileID: 0}
    - target: {fileID: 7152573289123754437, guid: 74881c413de89ab479ec60ae97a45d73,
        type: 3}
      propertyPath: m_LocalPosition.y
      value: -4.2599924e-17
      objectReference: {fileID: 0}
    - target: {fileID: 7152573289123754437, guid: 74881c413de89ab479ec60ae97a45d73,
        type: 3}
      propertyPath: m_LocalPosition.z
      value: -80.5
      objectReference: {fileID: 0}
    - target: {fileID: 7152573289123754437, guid: 74881c413de89ab479ec60ae97a45d73,
        type: 3}
      propertyPath: m_LocalRotation.w
      value: 0.7071068
      objectReference: {fileID: 0}
    - target: {fileID: 7152573289123754437, guid: 74881c413de89ab479ec60ae97a45d73,
        type: 3}
      propertyPath: m_LocalRotation.x
      value: 0
      objectReference: {fileID: 0}
    - target: {fileID: 7152573289123754437, guid: 74881c413de89ab479ec60ae97a45d73,
        type: 3}
      propertyPath: m_LocalRotation.y
      value: -0.7071068
      objectReference: {fileID: 0}
    - target: {fileID: 7152573289123754437, guid: 74881c413de89ab479ec60ae97a45d73,
        type: 3}
      propertyPath: m_LocalRotation.z
      value: 0
      objectReference: {fileID: 0}
    - target: {fileID: 7152573289123754437, guid: 74881c413de89ab479ec60ae97a45d73,
        type: 3}
      propertyPath: m_LocalEulerAnglesHint.x
      value: 0
      objectReference: {fileID: 0}
    - target: {fileID: 7152573289123754437, guid: 74881c413de89ab479ec60ae97a45d73,
        type: 3}
      propertyPath: m_LocalEulerAnglesHint.y
      value: -90
      objectReference: {fileID: 0}
    - target: {fileID: 7152573289123754437, guid: 74881c413de89ab479ec60ae97a45d73,
        type: 3}
      propertyPath: m_LocalEulerAnglesHint.z
      value: 0
      objectReference: {fileID: 0}
    - target: {fileID: 7496482571087997823, guid: 74881c413de89ab479ec60ae97a45d73,
        type: 3}
      propertyPath: m_Name
      value: Winter_Demo_Block (2)
      objectReference: {fileID: 0}
    m_RemovedComponents: []
  m_SourcePrefab: {fileID: 100100000, guid: 74881c413de89ab479ec60ae97a45d73, type: 3}
--- !u!4 &4787329456484594091 stripped
Transform:
  m_CorrespondingSourceObject: {fileID: 7152573289123754437, guid: 74881c413de89ab479ec60ae97a45d73,
    type: 3}
  m_PrefabInstance: {fileID: 2392266014938890350}
  m_PrefabAsset: {fileID: 0}
--- !u!1001 &2771242110605086761
PrefabInstance:
  m_ObjectHideFlags: 0
  serializedVersion: 2
  m_Modification:
    m_TransformParent: {fileID: 3128289150755256191}
    m_Modifications:
    - target: {fileID: 7152573289123754437, guid: 74881c413de89ab479ec60ae97a45d73,
        type: 3}
      propertyPath: m_RootOrder
      value: 8
      objectReference: {fileID: 0}
    - target: {fileID: 7152573289123754437, guid: 74881c413de89ab479ec60ae97a45d73,
        type: 3}
      propertyPath: m_LocalPosition.x
      value: -37.9
      objectReference: {fileID: 0}
    - target: {fileID: 7152573289123754437, guid: 74881c413de89ab479ec60ae97a45d73,
        type: 3}
      propertyPath: m_LocalPosition.y
      value: -3.3758478e-17
      objectReference: {fileID: 0}
    - target: {fileID: 7152573289123754437, guid: 74881c413de89ab479ec60ae97a45d73,
        type: 3}
      propertyPath: m_LocalPosition.z
      value: 81.6
      objectReference: {fileID: 0}
    - target: {fileID: 7152573289123754437, guid: 74881c413de89ab479ec60ae97a45d73,
        type: 3}
      propertyPath: m_LocalRotation.w
      value: 0.7071068
      objectReference: {fileID: 0}
    - target: {fileID: 7152573289123754437, guid: 74881c413de89ab479ec60ae97a45d73,
        type: 3}
      propertyPath: m_LocalRotation.x
      value: 0
      objectReference: {fileID: 0}
    - target: {fileID: 7152573289123754437, guid: 74881c413de89ab479ec60ae97a45d73,
        type: 3}
      propertyPath: m_LocalRotation.y
      value: 0.7071068
      objectReference: {fileID: 0}
    - target: {fileID: 7152573289123754437, guid: 74881c413de89ab479ec60ae97a45d73,
        type: 3}
      propertyPath: m_LocalRotation.z
      value: 0
      objectReference: {fileID: 0}
    - target: {fileID: 7152573289123754437, guid: 74881c413de89ab479ec60ae97a45d73,
        type: 3}
      propertyPath: m_LocalEulerAnglesHint.x
      value: 0
      objectReference: {fileID: 0}
    - target: {fileID: 7152573289123754437, guid: 74881c413de89ab479ec60ae97a45d73,
        type: 3}
      propertyPath: m_LocalEulerAnglesHint.y
      value: 90
      objectReference: {fileID: 0}
    - target: {fileID: 7152573289123754437, guid: 74881c413de89ab479ec60ae97a45d73,
        type: 3}
      propertyPath: m_LocalEulerAnglesHint.z
      value: 0
      objectReference: {fileID: 0}
    - target: {fileID: 7496482571087997823, guid: 74881c413de89ab479ec60ae97a45d73,
        type: 3}
      propertyPath: m_Name
      value: Winter_Demo_Block (1)
      objectReference: {fileID: 0}
    m_RemovedComponents: []
  m_SourcePrefab: {fileID: 100100000, guid: 74881c413de89ab479ec60ae97a45d73, type: 3}
--- !u!4 &4987285267402678764 stripped
Transform:
  m_CorrespondingSourceObject: {fileID: 7152573289123754437, guid: 74881c413de89ab479ec60ae97a45d73,
    type: 3}
  m_PrefabInstance: {fileID: 2771242110605086761}
  m_PrefabAsset: {fileID: 0}
--- !u!1001 &3773286121232083010
PrefabInstance:
  m_ObjectHideFlags: 0
  serializedVersion: 2
  m_Modification:
    m_TransformParent: {fileID: 3128289150755256191}
    m_Modifications:
    - target: {fileID: 7152573289123754437, guid: 74881c413de89ab479ec60ae97a45d73,
        type: 3}
      propertyPath: m_RootOrder
      value: 7
      objectReference: {fileID: 0}
    - target: {fileID: 7152573289123754437, guid: 74881c413de89ab479ec60ae97a45d73,
        type: 3}
      propertyPath: m_LocalPosition.x
      value: 37.2
      objectReference: {fileID: 0}
    - target: {fileID: 7152573289123754437, guid: 74881c413de89ab479ec60ae97a45d73,
        type: 3}
      propertyPath: m_LocalPosition.y
      value: 0.5
      objectReference: {fileID: 0}
    - target: {fileID: 7152573289123754437, guid: 74881c413de89ab479ec60ae97a45d73,
        type: 3}
      propertyPath: m_LocalPosition.z
      value: -2.7
      objectReference: {fileID: 0}
    - target: {fileID: 7152573289123754437, guid: 74881c413de89ab479ec60ae97a45d73,
        type: 3}
      propertyPath: m_LocalRotation.w
      value: 0.7071068
      objectReference: {fileID: 0}
    - target: {fileID: 7152573289123754437, guid: 74881c413de89ab479ec60ae97a45d73,
        type: 3}
      propertyPath: m_LocalRotation.x
      value: 0
      objectReference: {fileID: 0}
    - target: {fileID: 7152573289123754437, guid: 74881c413de89ab479ec60ae97a45d73,
        type: 3}
      propertyPath: m_LocalRotation.y
      value: -0.7071068
      objectReference: {fileID: 0}
    - target: {fileID: 7152573289123754437, guid: 74881c413de89ab479ec60ae97a45d73,
        type: 3}
      propertyPath: m_LocalRotation.z
      value: 0
      objectReference: {fileID: 0}
    - target: {fileID: 7152573289123754437, guid: 74881c413de89ab479ec60ae97a45d73,
        type: 3}
      propertyPath: m_LocalEulerAnglesHint.x
      value: 0
      objectReference: {fileID: 0}
    - target: {fileID: 7152573289123754437, guid: 74881c413de89ab479ec60ae97a45d73,
        type: 3}
      propertyPath: m_LocalEulerAnglesHint.y
      value: -90
      objectReference: {fileID: 0}
    - target: {fileID: 7152573289123754437, guid: 74881c413de89ab479ec60ae97a45d73,
        type: 3}
      propertyPath: m_LocalEulerAnglesHint.z
      value: 0
      objectReference: {fileID: 0}
    - target: {fileID: 7496482571087997823, guid: 74881c413de89ab479ec60ae97a45d73,
        type: 3}
      propertyPath: m_Name
      value: Winter_Demo_Block
      objectReference: {fileID: 0}
    m_RemovedComponents: []
  m_SourcePrefab: {fileID: 100100000, guid: 74881c413de89ab479ec60ae97a45d73, type: 3}
--- !u!4 &6277573948370065799 stripped
Transform:
  m_CorrespondingSourceObject: {fileID: 7152573289123754437, guid: 74881c413de89ab479ec60ae97a45d73,
    type: 3}
  m_PrefabInstance: {fileID: 3773286121232083010}
  m_PrefabAsset: {fileID: 0}
--- !u!1001 &3802775795498548853
PrefabInstance:
  m_ObjectHideFlags: 0
  serializedVersion: 2
  m_Modification:
    m_TransformParent: {fileID: 3128289150755256191}
    m_Modifications:
    - target: {fileID: 2794379037720090427, guid: 8875025bcfc7dbe479cf0e1ba6d9ec37,
        type: 3}
      propertyPath: m_Name
      value: Buildings_1 (2)
      objectReference: {fileID: 0}
    - target: {fileID: 2794379037720090427, guid: 8875025bcfc7dbe479cf0e1ba6d9ec37,
        type: 3}
      propertyPath: m_IsActive
      value: 1
      objectReference: {fileID: 0}
    - target: {fileID: 3282121654761344385, guid: 8875025bcfc7dbe479cf0e1ba6d9ec37,
        type: 3}
      propertyPath: m_RootOrder
      value: 5
      objectReference: {fileID: 0}
    - target: {fileID: 3282121654761344385, guid: 8875025bcfc7dbe479cf0e1ba6d9ec37,
        type: 3}
      propertyPath: m_LocalPosition.x
      value: 27.1
      objectReference: {fileID: 0}
    - target: {fileID: 3282121654761344385, guid: 8875025bcfc7dbe479cf0e1ba6d9ec37,
        type: 3}
      propertyPath: m_LocalPosition.y
      value: 19.168575
      objectReference: {fileID: 0}
    - target: {fileID: 3282121654761344385, guid: 8875025bcfc7dbe479cf0e1ba6d9ec37,
        type: 3}
      propertyPath: m_LocalPosition.z
      value: 80.09999
      objectReference: {fileID: 0}
    - target: {fileID: 3282121654761344385, guid: 8875025bcfc7dbe479cf0e1ba6d9ec37,
        type: 3}
      propertyPath: m_LocalRotation.w
      value: 0.7072302
      objectReference: {fileID: 0}
    - target: {fileID: 3282121654761344385, guid: 8875025bcfc7dbe479cf0e1ba6d9ec37,
        type: 3}
      propertyPath: m_LocalRotation.x
      value: -0.7069834
      objectReference: {fileID: 0}
    - target: {fileID: 3282121654761344385, guid: 8875025bcfc7dbe479cf0e1ba6d9ec37,
        type: 3}
      propertyPath: m_LocalRotation.y
      value: 0
      objectReference: {fileID: 0}
    - target: {fileID: 3282121654761344385, guid: 8875025bcfc7dbe479cf0e1ba6d9ec37,
        type: 3}
      propertyPath: m_LocalRotation.z
      value: 0
      objectReference: {fileID: 0}
    - target: {fileID: 3282121654761344385, guid: 8875025bcfc7dbe479cf0e1ba6d9ec37,
        type: 3}
      propertyPath: m_LocalEulerAnglesHint.x
      value: -89.98
      objectReference: {fileID: 0}
    - target: {fileID: 3282121654761344385, guid: 8875025bcfc7dbe479cf0e1ba6d9ec37,
        type: 3}
      propertyPath: m_LocalEulerAnglesHint.y
      value: 0
      objectReference: {fileID: 0}
    - target: {fileID: 3282121654761344385, guid: 8875025bcfc7dbe479cf0e1ba6d9ec37,
        type: 3}
      propertyPath: m_LocalEulerAnglesHint.z
      value: 0
      objectReference: {fileID: 0}
    - target: {fileID: 4451628589308524270, guid: 8875025bcfc7dbe479cf0e1ba6d9ec37,
        type: 3}
      propertyPath: m_Materials.Array.data[0]
      value: 
      objectReference: {fileID: 2100000, guid: 71869bfb55cbdb94ab48b084a5de98ed, type: 2}
    m_RemovedComponents: []
  m_SourcePrefab: {fileID: 100100000, guid: 8875025bcfc7dbe479cf0e1ba6d9ec37, type: 3}
--- !u!4 &1822370366065882100 stripped
Transform:
  m_CorrespondingSourceObject: {fileID: 3282121654761344385, guid: 8875025bcfc7dbe479cf0e1ba6d9ec37,
    type: 3}
  m_PrefabInstance: {fileID: 3802775795498548853}
  m_PrefabAsset: {fileID: 0}
--- !u!1 &1297472777158027598 stripped
GameObject:
  m_CorrespondingSourceObject: {fileID: 2794379037720090427, guid: 8875025bcfc7dbe479cf0e1ba6d9ec37,
    type: 3}
  m_PrefabInstance: {fileID: 3802775795498548853}
  m_PrefabAsset: {fileID: 0}
--- !u!1001 &4450273096952650441
PrefabInstance:
  m_ObjectHideFlags: 0
  serializedVersion: 2
  m_Modification:
    m_TransformParent: {fileID: 3128289150755256191}
    m_Modifications:
    - target: {fileID: 7152573289123754437, guid: 74881c413de89ab479ec60ae97a45d73,
        type: 3}
      propertyPath: m_RootOrder
      value: 10
      objectReference: {fileID: 0}
    - target: {fileID: 7152573289123754437, guid: 74881c413de89ab479ec60ae97a45d73,
        type: 3}
      propertyPath: m_LocalPosition.x
      value: -36
      objectReference: {fileID: 0}
    - target: {fileID: 7152573289123754437, guid: 74881c413de89ab479ec60ae97a45d73,
        type: 3}
      propertyPath: m_LocalPosition.y
      value: -3.3758478e-17
      objectReference: {fileID: 0}
    - target: {fileID: 7152573289123754437, guid: 74881c413de89ab479ec60ae97a45d73,
        type: 3}
      propertyPath: m_LocalPosition.z
      value: -81.6
      objectReference: {fileID: 0}
    - target: {fileID: 7152573289123754437, guid: 74881c413de89ab479ec60ae97a45d73,
        type: 3}
      propertyPath: m_LocalRotation.w
      value: 0.7071068
      objectReference: {fileID: 0}
    - target: {fileID: 7152573289123754437, guid: 74881c413de89ab479ec60ae97a45d73,
        type: 3}
      propertyPath: m_LocalRotation.x
      value: 0
      objectReference: {fileID: 0}
    - target: {fileID: 7152573289123754437, guid: 74881c413de89ab479ec60ae97a45d73,
        type: 3}
      propertyPath: m_LocalRotation.y
      value: 0.7071068
      objectReference: {fileID: 0}
    - target: {fileID: 7152573289123754437, guid: 74881c413de89ab479ec60ae97a45d73,
        type: 3}
      propertyPath: m_LocalRotation.z
      value: 0
      objectReference: {fileID: 0}
    - target: {fileID: 7152573289123754437, guid: 74881c413de89ab479ec60ae97a45d73,
        type: 3}
      propertyPath: m_LocalEulerAnglesHint.x
      value: 0
      objectReference: {fileID: 0}
    - target: {fileID: 7152573289123754437, guid: 74881c413de89ab479ec60ae97a45d73,
        type: 3}
      propertyPath: m_LocalEulerAnglesHint.y
      value: 90
      objectReference: {fileID: 0}
    - target: {fileID: 7152573289123754437, guid: 74881c413de89ab479ec60ae97a45d73,
        type: 3}
      propertyPath: m_LocalEulerAnglesHint.z
      value: 0
      objectReference: {fileID: 0}
    - target: {fileID: 7496482571087997823, guid: 74881c413de89ab479ec60ae97a45d73,
        type: 3}
      propertyPath: m_Name
      value: Winter_Demo_Block (3)
      objectReference: {fileID: 0}
    m_RemovedComponents: []
  m_SourcePrefab: {fileID: 100100000, guid: 74881c413de89ab479ec60ae97a45d73, type: 3}
--- !u!4 &6809865189047675660 stripped
Transform:
  m_CorrespondingSourceObject: {fileID: 7152573289123754437, guid: 74881c413de89ab479ec60ae97a45d73,
    type: 3}
  m_PrefabInstance: {fileID: 4450273096952650441}
  m_PrefabAsset: {fileID: 0}
--- !u!1001 &5502036150449515203
PrefabInstance:
  m_ObjectHideFlags: 0
  serializedVersion: 2
  m_Modification:
    m_TransformParent: {fileID: 3128289150755256191}
    m_Modifications:
    - target: {fileID: 1694676842956870715, guid: b8c99beac9c55d446a87f2783e14af0f,
        type: 3}
      propertyPath: m_Name
      value: StraightWithServiceRoad Snow
      objectReference: {fileID: 0}
    - target: {fileID: 2075987014191550081, guid: b8c99beac9c55d446a87f2783e14af0f,
        type: 3}
      propertyPath: m_RootOrder
      value: 6
      objectReference: {fileID: 0}
    - target: {fileID: 2075987014191550081, guid: b8c99beac9c55d446a87f2783e14af0f,
        type: 3}
      propertyPath: m_LocalPosition.x
      value: 0
      objectReference: {fileID: 0}
    - target: {fileID: 2075987014191550081, guid: b8c99beac9c55d446a87f2783e14af0f,
        type: 3}
      propertyPath: m_LocalPosition.y
      value: 0.3
      objectReference: {fileID: 0}
    - target: {fileID: 2075987014191550081, guid: b8c99beac9c55d446a87f2783e14af0f,
        type: 3}
      propertyPath: m_LocalPosition.z
      value: 3.3
      objectReference: {fileID: 0}
    - target: {fileID: 2075987014191550081, guid: b8c99beac9c55d446a87f2783e14af0f,
        type: 3}
      propertyPath: m_LocalRotation.w
      value: 0
      objectReference: {fileID: 0}
    - target: {fileID: 2075987014191550081, guid: b8c99beac9c55d446a87f2783e14af0f,
        type: 3}
      propertyPath: m_LocalRotation.x
      value: -0
      objectReference: {fileID: 0}
    - target: {fileID: 2075987014191550081, guid: b8c99beac9c55d446a87f2783e14af0f,
        type: 3}
      propertyPath: m_LocalRotation.y
      value: 1
      objectReference: {fileID: 0}
    - target: {fileID: 2075987014191550081, guid: b8c99beac9c55d446a87f2783e14af0f,
        type: 3}
      propertyPath: m_LocalRotation.z
      value: -0
      objectReference: {fileID: 0}
    - target: {fileID: 2075987014191550081, guid: b8c99beac9c55d446a87f2783e14af0f,
        type: 3}
      propertyPath: m_LocalEulerAnglesHint.x
      value: 0
      objectReference: {fileID: 0}
    - target: {fileID: 2075987014191550081, guid: b8c99beac9c55d446a87f2783e14af0f,
        type: 3}
      propertyPath: m_LocalEulerAnglesHint.y
      value: 180
      objectReference: {fileID: 0}
    - target: {fileID: 2075987014191550081, guid: b8c99beac9c55d446a87f2783e14af0f,
        type: 3}
      propertyPath: m_LocalEulerAnglesHint.z
      value: 0
      objectReference: {fileID: 0}
    m_RemovedComponents: []
  m_SourcePrefab: {fileID: 100100000, guid: b8c99beac9c55d446a87f2783e14af0f, type: 3}
--- !u!4 &5806348879621301314 stripped
Transform:
  m_CorrespondingSourceObject: {fileID: 2075987014191550081, guid: b8c99beac9c55d446a87f2783e14af0f,
    type: 3}
  m_PrefabInstance: {fileID: 5502036150449515203}
  m_PrefabAsset: {fileID: 0}
